@book{carnie2002,
  Address = {Malden, MA},
  Author = {Carnie, Andrew},
  Edition = {First Edition},
  Number = {4},
  Publisher = {Blackwell Publishing, Ltd.},
  Series = {Introducing Linguistics},
  Title = {Syntax: {A} Generative Introduction},
  Year = {2002}}
@book{carnie2007,
  Address = {Malden, MA},
  Author = {Carnie, Andrew},
  Edition = {Second Edition},
  Number = {4},
  Publisher = {Blackwell Publishing, Ltd.},
  Series = {Introducing Linguistics},
  Title = {Syntax: {A} Generative Introduction},
  Year = {2007}}
@book{carnie2013,
  Address = {Malden, MA},
  Author = {Carnie, Andrew},
  Edition = {Third Edition},
  Number = {4},
  Publisher = {Blackwell Publishing, Ltd.},
  Series = {Introducing Linguistics},
  Title = {Syntax: {A} Generative Introduction},
  Year = {2013}}
